@article{mu_zero,
    author  = "Julian Schrittwieser and Ioannis Antonoglou and Thomas Hubert and Karen Simonyan and Laurent Sifre and Simon Schmitt and Arthur Guez and Edward Lockhart and Demis Hassabis and Thore Graepel and Timothy Lillicrap and David Silver",
    title   = "Mastering Atari, Go, chess and shogi by planning with a learned model",
    journal = "Nature",
    number  = "588",
    pages   = "604-609",
    year    = "2020"
}

@article{baloons,
    author  = "Marc G. Bellemare and Salvatore Candido and Pablo Samuel Castro and Jun Gong and Marlos C. Machado and Subhodeep Moitra and Sameera S. Ponda and Ziyu Wang",
    title   = "Autonomous navigation of stratospheric balloons using reinforcement learning",
    journal = "Nature",
    number  = "588",
    pages   = "77-82",
    year    = "2020"
}

@article{proteins,
    author  = "Andrew W. Senior and Richard Evans and John Jumper and James Kirkpatrick and Laurent Sifre and Tim Green and Chongli Qin and Augustin Žídek and Alexander W. R. Nelson and Alex Bridgland and Hugo Penedones and Stig Petersen and Karen Simonyan and Steve Crossan and Pushmeet Kohli and David T. Jones and David Silver and Koray Kavukcuoglu and Demis Hassabis",
    title   = "Improved protein structure prediction using potentials from deep learning",
    journal = "Nature",
    number  = "577",
    pages   = "706-710",
    year    = "2020"
}

@article{vgg19,
    author  = "Karen Simonyan and Andrew Zisserman",
    title   = "Very Deep Convolutional Networks for Large-Scale Image Recognition",
    year    = "2014"
}

@article{fruits-360,
  author  = "Horea Muresan and Mihai Oltean",
  title   = "Fruit recognition from images using deep learning",
  journal = "Informatica",
  number  = "10",
  year    = "2018",
  pages   = "26-42",
  url     = {http://web.archive.org/web/20080207010024/http://www.808multimedia.com/winnt/kernel.htm}
}
